@misc{multithreading,
	title="Многопоточность [Электронный ресурс]",
	howpublished="Режим доступа: \url{https://ru.coursera.org/lecture/ios-multithreading/chto-takoie-mnoghopotochnost-4MMgN} (дата обращения: 08.11.2021)"
}

@misc{graph,
	title="Теория графов [Электронный ресурс]",
	howpublished="Режим доступа: \url{https://foxford.ru/wiki/informatika/teoriya-grafov} (дата обращения: 08.11.2021)"
}

@misc{alg,
	title="Алгоритм Флойда [Электронный ресурс]",
	howpublished="Режим доступа: \url{https://foxford.ru/wiki/informatika/algoritm-floyda} (дата обращения: 08.11.2021)"
}

@misc{c++,
	title="Документация по языку C++ [Электронный ресурс]",
	howpublished="Режим доступа: \url{https://docs.microsoft.com/ru-ru/cpp/cpp/?view=msvc-170} (дата обращения: 8.11.2021)"
}

@misc{python,
	title="Welcome to Python [Электронный ресурс]",
	howpublished="Режим доступа: \url{https://www.python.org} (дата обращения: 8.11.2021)"
}

@misc{time,
	title="Date and time utilities [Электронный ресурс]",
	howpublished="Режим доступа: \url{https://en.cppreference.com/w/cpp/chrono} (дата обращения: 8.11.2021)"
}

@misc{linux,
	title="Ubuntu 20.04 LTS (Focal Fossa) Beta [Электронный ресурс]",
	howpublished="Режим доступа: \url{http://old-releases.ubuntu.com/releases/20.04.1/} (дата обращения: 8.11.2021)"
}

@misc{amd,
	title="Мобильный процессор AMD Ryzen™ 3 3200U с графикой Radeon™ Vega 3 [Электронный ресурс]",
	howpublished="Режим доступа: \url{https://www.amd.com/ru/products/apu/amd-ryzen-3-3200u} (дата обращения: 8.11.2021)"
}

@misc{cpp,
	title="Язык программирования С++ [Электронный ресурс]",
	howpublished="Режим доступа: \url{https://isocpp.org/} (дата обращения: 11.11.2022)"
}

@misc{chrono,
	title="Стандарт языка С++ [Электронный ресурс]",
	howpublished="Режим доступа: \url{https://isocpp.org/files/papers/N4860.pdf} (дата обращения: 11.11.2022)"
}

@misc{ubuntu,
	title="Операционная система Ubuntu 22.04 LTS [Электронный ресурс]",
	howpublished="Режим доступа: \url{https://releases.ubuntu.com/jammy/} (дата обращения: 11.11.2022)"
}

